@inproceedings{chen2018node,
  title        = {Neural Ordinary Differential Equations},
  author       = {Chen, Ricky T.~Q. and Rubanova, Yulia and Bettencourt, Jesse and Duvenaud, David},
  booktitle    = {Advances in Neural Information Processing Systems (NeurIPS)},
  year         = {2018},
  doi          = {10.48550/arXiv.1806.07366}
}

@article{innes2018flux,
  title   = {Flux: Elegant machine learning with {J}ulia},
  author  = {Innes, Mike},
  journal = {Journal of Open Source Software},
  volume  = {3},
  number  = {25},
  pages   = {602},
  year    = {2018},
  doi     = {10.21105/joss.00602}
}

@article{rackauckas2017de,
  title   = {{D}ifferential{E}quations.jl -- a performant and feature-rich ecosystem for solving differential equations in {J}ulia},
  author  = {Rackauckas, Chris and Nie, Qing},
  journal = {Journal of Open Research Software},
  volume  = {5},
  number  = {1},
  pages   = {15},
  year    = {2017},
  doi     = {10.5334/jors.151}
}

@misc{rackauckas2019diffeqflux,
  title         = {{D}iff{E}q{F}lux.jl -- A Julia library for neural differential equations},
  author        = {Rackauckas, Chris and Innes, Mike and Ma, Yingbo and others},
  year          = {2019},
  eprint        = {1902.02376},
  archivePrefix = {arXiv},
  primaryClass  = {cs.LG},
  doi           = {10.48550/arXiv.1902.02376}
}

@article{rackauckas2020ude,
  title         = {Universal Differential Equations for Scientific Machine Learning},
  author        = {Rackauckas, Christopher and Ma, Yingbo and Martensen, Julius and Warner, Collin and Zubov, Kirill and Supekar, Rohit and Skinner, Dominic and Ramadhan, Ali and Edelman, Alan},
  year          = {2020},
  eprint        = {2001.04385},
  archivePrefix = {arXiv},
  primaryClass  = {cs.LG},
  doi           = {10.48550/arXiv.2001.04385}
}

@article{kuznetsov1994,
  title   = {Nonlinear dynamics of immunogenic tumors: parameter estimation and global bifurcation analysis},
  author  = {Kuznetsov, Vladimir A. and Makalkin, I. A. and Taylor, M. A. and Perelson, Alan S.},
  journal = {Bulletin of Mathematical Biology},
  volume  = {56},
  number  = {2},
  pages   = {295--321},
  year    = {1994},
  doi     = {10.1007/BF02460644}
}

@article{depillis2005validated,
  title   = {A validated mathematical model of cell-mediated immune response to tumor growth},
  author  = {de Pillis, Lisette G. and Radunskaya, Ami E. and Wiseman, Charles L.},
  journal = {Cancer Research},
  volume  = {65},
  number  = {17},
  pages   = {7950--7958},
  year    = {2005},
  doi     = {10.1158/0008-5472.CAN-05-0564}
}

@article{vaghi2020gompertz,
  title   = {Population modeling of tumor growth curves and the reduced Gompertz model improve prediction of the age of experimental tumors},
  author  = {Vaghi, Cristina and Rodallec, Alix and Fanciullino, Raphaelle and Ciccolini, Joseph and Mochel, Jonathan P. and Mastri, Michalis and Poignard, Clair and Ebos, John M. L. and Benzekry, Sebastien},
  journal = {PLOS Computational Biology},
  volume  = {16},
  number  = {2},
  pages   = {e1007178},
  year    = {2020},
  doi     = {10.1371/journal.pcbi.1007178}
}

@article{raissi2019pinn,
  title   = {Physics-informed neural networks: A deep learning framework for solving forward and inverse problems involving nonlinear partial differential equations},
  author  = {Raissi, Maziar and Perdikaris, Paris and Karniadakis, George E.},
  journal = {Journal of Computational Physics},
  volume  = {378},
  pages   = {686--707},
  year    = {2019},
  doi     = {10.1016/j.jcp.2018.10.045}
}

@article{karniadakis2021physics,
  title   = {Physics-informed machine learning},
  author  = {Karniadakis, George Em and Kevrekidis, Ioannis G. and Lu, Lu and Perdikaris, Paris and Wang, Sifan and Yang, Liu},
  journal = {Nature Reviews Physics},
  volume  = {3},
  number  = {6},
  pages   = {422--440},
  year    = {2021},
  doi     = {10.1038/s42254-021-00314-5}
}

@article{bezanson2017julia,
  title   = {Julia: A fresh approach to numerical computing},
  author  = {Bezanson, Jeff and Edelman, Alan and Karpinski, Stefan and Shah, Viral B.},
  journal = {SIAM Review},
  volume  = {59},
  number  = {1},
  pages   = {65--98},
  year    = {2017},
  doi     = {10.1137/141000671}
}

@article{bezanson2012julia,
  title         = {Julia: A fast dynamic language for technical computing},
  author        = {Bezanson, Jeff and Karpinski, Stefan and Shah, Viral B. and Edelman, Alan},
  year          = {2012},
  eprint        = {1209.5145},
  archivePrefix = {arXiv},
  primaryClass  = {cs.PL}
}

@article{lu2021deeponet,
  title         = {Learning nonlinear operators via {D}eep{ON}et based on the universal approximation theorem of operators},
  author        = {Lu, Lu and Jin, Pengzhan and Pang, Guofei and Zhang, Zhongqiang and Karniadakis, George Em},
  journal       = {Nature Machine Intelligence},
  volume        = {3},
  number        = {3},
  pages         = {218--229},
  year          = {2021},
  doi           = {10.1038/s42256-021-00302-5}
}

@inproceedings{dupont2019augmented,
  title     = {Augmented Neural {ODE}s},
  author    = {Dupont, Emilien and Doucet, Arnaud and Teh, Yee Whye},
  booktitle = {Advances in Neural Information Processing Systems},
  volume    = {32},
  year      = {2019}
}

@article{massaroli2020dissecting,
  title   = {Dissecting Neural {ODE}s},
  author  = {Massaroli, Stefano and Poli, Michael and Park, Jinkyoo and Yamashita, Atsushi and Asama, Hajime},
  journal = {Advances in Neural Information Processing Systems},
  volume  = {33},
  pages   = {3952--3963},
  year    = {2020}
}

@article{finlay2020train,
  title         = {How to train your neural {ODE}},
  author        = {Finlay, Chris and Jacobsen, J{\"o}rn-Henrik and Nurbekyan, Levon and Oberman, Adam M.},
  year          = {2020},
  eprint        = {2002.02798},
  archivePrefix = {arXiv},
  primaryClass  = {cs.LG}
}

@article{kim2021stiff,
  title   = {Stiff neural ordinary differential equations},
  author  = {Kim, Suyong and Ji, Weiqi and Deng, Sili and Ma, Yingbo and Rackauckas, Christopher},
  journal = {Chaos: An Interdisciplinary Journal of Nonlinear Science},
  volume  = {31},
  number  = {9},
  pages   = {093122},
  year    = {2021},
  doi     = {10.1063/5.0060697}
}

@article{dandekar2020machine,
  title   = {A machine learning-aided global diagnostic and comparative tool to assess effect of quarantine control in {COVID}-19 spread},
  author  = {Dandekar, Raj and Rackauckas, Chris and Barbastathis, George},
  journal = {Patterns},
  volume  = {1},
  number  = {9},
  pages   = {100145},
  year    = {2020},
  doi     = {10.1016/j.patter.2020.100145}
}

@article{ji2021autonomous,
  title   = {Autonomous kinetic modeling of biomass pyrolysis using chemical reaction neural networks},
  author  = {Ji, Weiqi and Richter, Franz and Gollner, Michael J. and Deng, Sili},
  journal = {Combustion and Flame},
  volume  = {240},
  pages   = {111992},
  year    = {2022},
  doi     = {10.1016/j.combustflame.2021.111992}
}

@article{lai2021structural,
  title   = {Structural identification with physics-informed neural ordinary differential equations},
  author  = {Lai, Zhilu and Mylonas, Charilaos and Nagarajaiah, Satish and Chatzi, Eleni},
  journal = {Journal of Sound and Vibration},
  volume  = {508},
  pages   = {116196},
  year    = {2021},
  doi     = {10.1016/j.jsv.2021.116196}
}

@inproceedings{teshima2020universal,
  title         = {Universal approximation property of neural ordinary differential equations},
  author        = {Teshima, Takeshi and Tojo, Koichi and Ikeda, Masahiro and Ishikawa, Isao and Oono, Kenta},
  year          = {2020},
  eprint        = {2012.02414},
  archivePrefix = {arXiv},
  primaryClass  = {cs.LG}
}

@article{bournez2020universal,
  title   = {A universal ordinary differential equation},
  author  = {Bournez, Olivier and Pouly, Amaury},
  journal = {Logical Methods in Computer Science},
  volume  = {16},
  number  = {1},
  year    = {2020},
  doi     = {10.23638/LMCS-16(1:7)2020}
}

@misc{raymundo2024comparative,
  title         = {A Comparative Study of Neural{ODE} and Universal Differential Equation Approaches to Solving Chandrasekhar's White Dwarf Equation},
  author        = {Vazquez Martinez, Raymundo and Dandekar, Raj Abhijit and Dandekar, Rajat and Panat, Sreedath},
  year          = {2024},
  note          = {Preprint},
  howpublished  = {\url{https://drive.google.com/file/d/1mzlaqPmxwhRNG3s7yiHTCL-hVZXsE6YO/view}}
}

@article{shen2023differentiable,
  title   = {Differentiable modelling to unify machine learning and physical models for geosciences},
  author  = {Shen, Chaopeng and Appling, Alison P. and Gentine, Pierre and Bandai, Toshiyuki and Gupta, Hoshin and Tartakovsky, Alexandre and Baity-Jesi, Marco and Fenicia, Fabrizio and Kifer, Daniel and Li, Li and others},
  journal = {Nature Reviews Earth \& Environment},
  volume  = {4},
  number  = {8},
  pages   = {552--567},
  year    = {2023},
  doi     = {10.1038/s43017-023-00450-9}
}

@article{innes2019differentiable,
  title         = {A differentiable programming system to bridge machine learning and scientific computing},
  author        = {Innes, Mike and Edelman, Alan and Fischer, Keno and Rackauckas, Chris and Saba, Elliot and Shah, Viral B. and Tebbutt, Will},
  year          = {2019},
  eprint        = {1907.07587},
  archivePrefix = {arXiv},
  primaryClass  = {cs.PL}
}

@article{bolibar2023universal,
  title   = {Universal differential equations for glacier ice flow modelling},
  author  = {Bolibar, Jordi and Sapienza, Facundo and Maussion, Fabien and Lguensat, Redouane and Wouters, Bert and P{\'e}rez, Fernando},
  journal = {Geoscientific Model Development Discussions},
  pages   = {1--26},
  year    = {2023},
  doi     = {10.5194/gmd-2023-73}
}

@misc{nieves2024uncertainty,
  title         = {Uncertainty quantified discovery of chemical reaction systems via {B}ayesian scientific machine learning},
  author        = {Nieves, Emily and Dandekar, Raj and Rackauckas, Chris},
  journal       = {Frontiers in Systems Biology},
  volume        = {4},
  pages         = {1338518},
  year          = {2024},
  doi           = {10.3389/fsysb.2024.1338518}
}

@article{wang2023hybridizing,
  title         = {Hybridizing physics and neural {ODE}s for predicting plasma inductance dynamics in tokamak fusion reactors},
  author        = {Wang, Allen M. and Garnier, Darren T. and Rea, Cristina},
  year          = {2023},
  eprint        = {2310.20079},
  archivePrefix = {arXiv},
  primaryClass  = {physics.plasm-ph}
}

@phdthesis{ramadhan2024data,
  title  = {Data-driven ocean modeling using neural differential equations},
  author = {Ramadhan, Ali},
  school = {Massachusetts Institute of Technology},
  year   = {2024}
}

@article{aboelyazeed2023differentiable,
  title   = {A differentiable, physics-informed ecosystem modeling and learning framework for large-scale inverse problems: Demonstration with photosynthesis simulations},
  author  = {Aboelyazeed, Doaa and Xu, Chonggang and Hoffman, Forrest M. and Liu, Jiangtao and Jones, Alex W. and Rackauckas, Chris and Lawson, Kathryn and Shen, Chaopeng},
  journal = {Biogeosciences},
  volume  = {20},
  number  = {13},
  pages   = {2671--2692},
  year    = {2023},
  doi     = {10.5194/bg-20-2671-2023}
}